% This file was created with JabRef 2.6.
% Encoding: UTF-8

@inproceedings{durrett2013supervised,
  title={Supervised Learning of Complete Morphological Paradigms},
  author={Durrett, Greg and DeNero, John},
  booktitle={Proceedings of NAACL-HLT},
  pages={1185--1195},
  year={2013}
}

@InProceedings{lin2012syntactic,
  title={Syntactic annotations for the google books ngram corpus},
  author={Lin, Yuri and Michel, Jean-Baptiste and Aiden, Erez Lieberman and Orwant, Jon and Brockman, Will and Petrov, Slav},
  booktitle={Proceedings of the ACL 2012 System Demonstrations},
  pages={169--174},
  year={2012},
  organization={Association for Computational Linguistics}
}

@article{culturomics,
author = {J.-B. Michel and Y. K. Shen and  A. P. Aiden and A. Veres and M. K. Gray and The Google Books Team and J. P. Pickett and D. Hoiberg  and D. Clancy  and  P. Norvig  and J. Orwant  and  S. Pinker and  M. A. Nowak and  E. Lieberman Aiden},
year = {2011},
title = {Quantitative Analysis of Culture Using Millions of Digitized Books},
journal = {Science}
}

@InProceedings{Foster10,
  author    = {Foster, J.},
  title     = {``cba to check the spelling'': Investigating Parser Performance on Discussion Forum Posts},
  booktitle = {Proc. of NAACL},
  year = {2010},
}

@article{ravallion,
author = {Ravallion, M.},
year = {2011},
title = {The Two Poverty Enlightenments: Historical Insights from Digitized Books Spanning Three Centuries},
journal = {Poverty And Public Policy}
}


@article{verbs,
author = {E. Lieberman and J.-B. Michel and J. Jackson and T. Tang and M. A. Nowak},
year = {2007},
title = {Quantifying the evolutionary dynamics of language},
journal = {Nature}
}

@techreport{PPCMBE,
  author    = {Kroch, A. and B. Santorini and A. Diertani},
  title     = {Penn Parsed Corpus of Modern British English},
  institution = {LDC},
  year = { 2010}
}

@techreport{brownCorpus,
  author    = {W. N. Francis and H. Kucera},
  title     = {Manual of Information to accompany a Standard Corpus of Present-day Edited {A}merican {E}nglish},
  institution = {Brown University},
  year = {1979}
}

@InProceedings{Marneffe06,
  author    = {M.-C. de Marneffe and B. MacCartney and C. Manning},
  title     = {Generating Typed Dependency Parses from Phrase Structure Parses},
  booktitle = {Proc. of LREC},
  year      = {2006},
}


@article{manning11,
  title={Part-of-speech tagging from 97\% to 100\%: is it time for some linguistics?},
  author={Manning, C.},
  journal={Proc. of CICLing},
  year={2011},
}

@inproceedings{davies,
author = {Davies, M.},
year = {2011},
title = {{Google Books (American English) Corpus (155 billion words, 1810-2009)}},
booktitle = {http://googlebooks.byu.edu/}
}

@inproceedings{uszkoreit08,
author = {J. Uszkoreit and T. Brants},
year = {2008},
title = {Distributed Word Clustering for Large Scale Class-Based Language Modeling in Machine Translation},
booktitle = {Proc. of ACL}
}

@inproceedings{sogaard2011,
author = {A. S{\o}gaard},
year = {2011},
title = {Data point selection for cross-language adaptation of dependency parsers},
booktitle = {Proc. of ACL}
}

@inproceedings{smith2004,
author = {D.A. Smith and N.A. Smith},
title = {Bilingual parsing with factored estimation: Using English to parse Korean},
booktitle = {Proc. of EMNLP},
year = {2004}
}

@article{ganchev.etal.2010,
 author = {K. Ganchev and J. Gra{\c{c}}a and J. Gillenwater and B. Taskar},
 title = {Posterior Regularization for Structured Latent Variable Models},
 journal = {Journal of Machine Learning Research},
 year = {2010}
 }

@InProceedings{petrov-EtAl:2010:EMNLP,
  author    = {S. Petrov and  P. Chang and M. Ringgaard and H. Alshawi},
  title     = {Uptraining for Accurate Deterministic Question Parsing},
  booktitle = {EMNLP '10},
  year      = {2010},
}

@INPROCEEDINGS{mcclosky.et.al.06,
  AUTHOR = {McClosky, D.  and  Charniak, E.  and  Johnson, M.},
  TITLE = {Reranking and Self-Training for Parser Adaptation},
  BOOKTITLE = {Proc. of ACL},
  YEAR = {2006}
}

@INPROCEEDINGS{gildea.01,
  author = "D. Gildea",
  title = "Corpus Variation and Parser Performance",
  year = "2001",
  BOOKTITLE = "Proc of EMNLP",
}

@INPROCEEDINGS{abend.reichart.rappoport.09,
  author = {Abend, O. and Reichart, R. and Rappoport, A.},
  title = {Unsupervised argument identification for Semantic Role Labeling},
  booktitle = {Proc. of ACL-IJCNLP},
  year = {2009},
  date-added = {2010-07-29 23:59:07 -0400},
  date-modified = {2010-07-30 00:00:34 -0400}
}

@INPROCEEDINGS{huang.eidelman.harper.09,
  author = {Z. Huang and V. Eidelman and M. Harper},
  title = {Improving simple bigram {HMM} part-of-speech Tagger by Latent Annotation},
  booktitle = {Proc. of NAACL-HLT},
  year = {2009},
}

@InProceedings{toutanova.et.al.03,
  author    = {K. Toutanova and D. Klein and C. D. Manning and Y. Singer},
  title     = {Feature-Rich Part-of-Speech Tagging with a Cyclic Dependency Network},
  booktitle = {Proc. of HLT-NAACL},
  year      = {2003},
}

@ARTICLE{alshawi.et.al.00,
  author = {Alshawi, H. and Bangalore, S. and Douglas, S.},
  title = {Head-Transducer Models for Speech Translation and Their Automatic
	Acquisition from Bilingual Data},
  journal = {Machine Translation},
  year = {2000},
  volume = {15},
  date-added = {2010-08-25 23:11:20 -0400},
  date-modified = {2010-08-25 23:12:08 -0400}
}

@INCOLLECTION{ssl-bengio,
  author = {Y. Bengio and O. Delalleau and N. {Le Roux}},
  title = {Label Propagation and Quadratic Criterion},
  booktitle = {Semi-Supervised Learning},
  publisher = {{MIT} Press},
  year = {2006},
  date-added = {2010-10-22 17:15:14 -0400},
  date-modified = {2010-10-22 17:16:26 -0400}
}

@INPROCEEDINGS{berg.etal.2010,
  author = {Berg-Kirkpatrick, T. and C\^{o}t\'{e}, A. B. and DeNero,
	J. and Klein, D.},
  title = {Painless Unsupervised Learning with Features},
  booktitle = {Proc. of NAACL-HLT},
  year = {2010},
  date-modified = {2010-07-29 23:25:45 -0400}
}

@conference{blitzer.et.al.06,
  title={{Domain adaptation with structural correspondence learning}},
  author={Blitzer, J. and McDonald, R. and Pereira, F.},
  booktitle={Proc. of EMNLP},
  year={2006}
}

@INPROCEEDINGS{brants.00,
  author = {T. Brants},
  title = {{T}n{T} - A Statistical Part-of-Speech Tagger},
  booktitle = {Proc. of ANLP},
  year = {2000},
  date-added = {2010-08-26 19:57:09 -0400},
  date-modified = {2010-08-26 19:57:36 -0400}
}

@INPROCEEDINGS{christodoulopoulos.et.al.10,
	title = {Two decades of unsupervised {POS} induction: {H}ow far have we come?},
	author = {Christodoulopoulos, C. and Goldwater, S. and Steedman, M.},
	booktitle = {Proc. of EMNLP},
	year = {2010}
}

@inproceedings{charniak00,
author = {Charniak, E.},
title = {A Maximum-Entropy-Inspired Parser},
booktitle = {Proc. of NAACL},
year = {2000},
}

@inproceedings{collins97,
author = {Collins, M.},
title = {Three Generative, Lexicalised Models for Statistical Parsing},
booktitle = {Proc. of ACL},
year = {1997}
}

@inproceedings{collins99, 
author = {Collins, M. and Haji\v{c}, J. and Ramshaw, L. and Tillmann, C.}, 
title = {A Statistical Parser for {C}zech}, 
booktitle = {Proc. of ACL}, 
year = 1999 
}

@conference{collins2002,
  title={{Discriminative training methods for hidden markov models: Theory and experiments with perceptron algorithms}},
  author={Collins, M.},
  booktitle={Proc. of EMNLP},
  year={2002}
}

@INPROCEEDINGS{conll.x,
  author = {Buchholz, S. and Marsi, E.},
  title = {{C}o{NLL}-{X} shared task on multilingual dependency parsing},
  booktitle = {Proc. of CoNLL},
  year = {2006},
  date-added = {2010-07-30 20:51:07 -0400},
  date-modified = {2010-07-30 20:51:34 -0400}
}

@conference{conll07,
  title={{The CoNLL 2007 shared task on dependency parsing}},
  author={Nivre, J. and Hall, J. and K{\"u}bler, S. and McDonald, R. and Nilsson, J. and Riedel, S. and Yuret, D.},
  booktitle={Proc. of EMNLP-CoNLL},
  year={2007}
}

@inproceedings{hall.11,
author = {K. Hall and R. McDonald and J. Katz-Brown and M. Ringgaard},
title = {Training dependency parsers by jointly optimizing multiple objectives},
booktitle = {Proc. of EMNLP},
year = {2011}
}

@BOOK{carnie.2002,
  title = {Syntax: A Generative Introduction (Introducing Linguistics)},
  publisher = {Blackwell Publishing},
  year = {2002},
  author = {A. Carnie},
  owner = {dipanjan},
  timestamp = {2010.11.17}
}

@conference{chang.07,
  title={{Guiding semi-supervision with constraint-driven learning}},
  author={Chang, M.W. and Ratinov, L. and Roth, D.},
  booktitle={Proc. of ACL},
	year = {2007}
}

@conference{chang.10,
  title={{Structured output learning with indirect supervision}},
  author={Chang, M. and Goldwasser, D. and Roth, D. and Srikumar, V.},
  booktitle={Proc. of ICML},
  year={2010}
}

@INPROCEEDINGS{christodoulopoulos.etal.2010,
  author = {Christodoulopoulos, C. and Goldwater, S. and Steedman,
	M.},
  title = {Two Decades of Unsupervised {POS} induction: How far have we come?},
  booktitle = {Proc. of EMNLP},
  year = {2010}
}

@inproceedings{clark04,
author = {S. Clark and J. R. Curran},
year = {2004},
title = {Parsing the {WSJ} Using {CCG} and Log-Linear Models},
booktitle = {Proc. of ACL},
}

@INPROCEEDINGS{cohen.09,
  author = {S.B. Cohen and N.A. Smith},
  title = {Shared Logistic Normal Distributions for Soft Parameter Tying in
	Unsupervised Grammar Induction},
  booktitle = {Proc. of NAACL},
  year = {2009},
  date-added = {2010-07-29 23:30:05 -0400},
  date-modified = {2010-07-29 23:30:24 -0400}
}

@INPROCEEDINGS{das.11,
  author = {Cohen, S.B. and Das, D. and Smith, N.A.},
  title = {Unsupervised Structure Prediction with Non-Parallel Multilingual Guidance},
  booktitle = {Proc. of EMNLP},
  year = {2011}
}


@INPROCEEDINGS{das.petrov.11,
	author = {Das, D. and Petrov, S.},
	title = {Unsupervised part-of-speech tagging with bilingual graph-based projections},
	booktitle = {Proc. of ACL-HLT},
	year = {2011}
}

@ARTICLE{dempster.etal.77,
  author = {A. P. Dempster and N. M. Laird and D. B. Rubin},
  title = {Maximum likelihood from incomplete data via the {EM} algorithm},
  journal = {Journal of the Royal Statistical Society, Series B},
  year = {1977},
  volume = {39},
  date-added = {2010-08-27 10:39:36 -0400},
  date-modified = {2010-08-27 10:41:26 -0400}
}

@conference{erjavec.et.al.04,
  title={{MULTEXT-East version 3: Multilingual morphosyntactic specifications, lexicons and corpora}},
  author={Erjavec, T.},
  booktitle={Proc. of LREC},
  year={2004}
}

@INPROCEEDINGS{ganchev.et.al.09,
  author = {Ganchev, K. and Gillenwater, J. and Taskar, B.},
  title = {Dependency grammar induction via bitext projection constraints},
  booktitle = {Proc. of ACL-IJCNLP},
  year = {2009},
  date-added = {2010-07-30 00:29:43 -0400},
  date-modified = {2010-07-30 00:30:40 -0400}
}

@article{hwa2005,
  title={{Bootstrapping parsers via syntactic projection across parallel texts}},
  author={Hwa, R. and Resnik, P. and Weinberg, A. and Cabezas, C. and Kolak, O.},
  journal={Natural Language Engineering},
  volume={11},
  number={03},
  pages={311--325},
  issn={1351-3249},
  year={2005},
  publisher={Cambridge Univ Press}
}

@INPROCEEDINGS{johnson.2007,
  author = {Johnson, M.},
  title = {Why Doesn't {EM} Find Good {HMM} {POS}-Taggers?},
  booktitle = {Proc. of EMNLP-CoNLL},
  year = {2007},
  date-added = {2010-07-29 23:26:25 -0400},
  date-modified = {2010-07-29 23:26:46 -0400}
}

@article{kim.02,
  title={{Does Korean have adjectives?}},
  author={Kim, M.J.},
  journal={MIT Working Papers in Linguistics},
  volume = {43},
  pages={71--89},
  year={2002}
}

@INPROCEEDINGS{europarl,
  author = {P. Koehn},
  title = {Europarl: A Parallel Corpus for Statistical Machine Translation},
  booktitle = {MT Summit},
  year = {2005},
  date-added = {2010-10-23 16:09:24 -0400},
  date-modified = {2010-10-23 16:09:49 -0400}
}

@ARTICLE{liu.nocedal.89,
  author = {D. C. Liu and J. Nocedal},
  title = {On the Limited Memory {BFGS} Method for Large Scale Optimization},
  journal = {Mathematical Programming},
  year = {1989},
  volume = {45},
  date-added = {2010-08-27 10:42:08 -0400},
  date-modified = {2010-08-27 10:43:04 -0400}
}

@inproceedings{mcdonald05,
author = {McDonald, R. and Crammer, K. and Pereira, F.},
year = {2005},
title = {Online Large-Margin Training of Dependency Parsers},
booktitle = {Proc. of ACL},
}

@conference{mcdonald.07,
  title={{Characterizing the errors of data-driven dependency parsing models}},
  author={McDonald, R. and Nivre, J.},
  booktitle={Proc. of EMNLP-CoNLL},
  year={2007}
}

@INPROCEEDINGS{naseem.etal.2010,
  author = {Naseem, T. and Chen, H. and Barzilay, R. and Johnson, M.},
  title = {Using Universal Linguistic Knowledge to Guide Grammar Induction},
  booktitle = {Proc. of EMNLP},
  year = {2010}
}

@ARTICLE{naseem.et.al.09,
  author = {T. Naseem and B. Snyder and J. Eisenstein and R.
	Barzilay},
  title = {Multilingual Part-of-Speech Tagging: Two Unsupervised Approaches},
  journal = {JAIR},
  year = {2009},
  volume = {36},
  date-added = {2010-07-30 00:13:38 -0400},
  date-modified = {2010-07-30 00:14:10 -0400}
}

@BOOK{newmayer.2005,
  title = {Possible and Probable Languages: A Generative Perspective on Linguistic
	Typology.},
  publisher = {Oxford University Press},
  year = {2005},
  author = {F. J. Newmeyer},
  owner = {dipanjan},
  timestamp = {2010.11.17}
}

@inproceedings{nivre05,
author = {Nivre, J. and Nilsson, J.},
year = {2005},
title = {Pseudo-Projective Dependency Parsing},
booktitle = {Proc. of ACL},
}

@inproceedings{nivre06,
author = {Nivre, J. and Hall, J. and Nilsson, J.},
year = {2006},
title = {MaltParser: A Data-Driven Parser-Generator for Dependency Parsing},
booktitle = {Proc. of LREC},
}

@article{nivre2008,
  title={{Algorithms for deterministic incremental dependency parsing}},
  author={Nivre, J.},
  journal={Computational Linguistics},
  volume={34},
  number={4},
  pages={513--553},
  issn={0891-2017},
  year={2008},
  publisher={MIT Press}
}

@ARTICLE{och.ney.03,
  author = {Och, F. J. and Ney, H.},
  title = {A systematic comparison of various statistical alignment models},
  journal = {Computational Linguistics},
  year = {2003},
  volume = {29},
  date-added = {2010-08-26 19:30:50 -0400},
  date-modified = {2010-08-26 19:31:14 -0400}
}

@INPROCEEDINGS{ravi.knight.09,
  author = {Ravi, S. and Knight, K.},
  title = {Minimized Models for Unsupervised Part-of-Speech Tagging},
  booktitle = {Proc. of ACL-IJCNLP},
  year = {2009},
  date-added = {2010-07-30 00:04:33 -0400},
  date-modified = {2010-07-30 00:05:04 -0400}
}

@conference{shen08,
  title={{Ltag dependency parsing with bidirectional incremental construction}},
  author={Shen, L. and Joshi, A.K.},
  booktitle={Proc. of EMNLP},
  year={2008},
}

@INPROCEEDINGS{shen.et.al.09,
  author = {Shen, L. and Satta, G. and Joshi, A.},
  title = {Guided learning for bidirectional sequence classification},
  booktitle = {Proc. of ACL},
  year = {2007},
  date-added = {2010-08-25 22:53:07 -0400},
  date-modified = {2010-08-25 22:53:43 -0400}
}

@inproceedings{petrov06,
author = {Petrov, S. and Barrett, L. and Thibaux, R. and Klein, D.},
year = {2006},
title = {Learning Accurate, Compact, and Interpretable Tree Annotation},
booktitle = {Proc. of ACL},
}

@INPROCEEDINGS{petrov2012universal,
  author = {Petrov, S. and Das, D. and McDonald, R.},
  title = {A Universal Part-of-Speech Tagset},
  booktitle = {Proc. of LREC},
  year = {2012},
}

@conference{smith.eisner.09,
  title={{Parser adaptation and projection with quasi-synchronous grammar features}},
  author={Smith, D.A. and Eisner, J.},
  booktitle={Proc. of EMNLP},
  year={2009},
}

@INPROCEEDINGS{smith.eisner.2005,
  author = {N.A. Smith and J. Eisner},
  title = {Contrastive Estimation: Training Log-Linear Models on Unlabeled Data},
  booktitle = {Proc. of ACL},
  year = {2005},
  date-added = {2010-07-29 23:24:25 -0400},
  date-modified = {2010-07-29 23:25:37 -0400}
}

@INPROCEEDINGS{snyder.et.al.09,
  author = {Snyder, B. and Naseem, T. and Barzilay, R.},
  title = {Unsupervised multilingual grammar induction},
  booktitle = {Proc. of ACL-IJCNLP},
  year = {2009},
  date-added = {2010-07-30 00:14:47 -0400},
  date-modified = {2010-07-30 00:15:11 -0400}
}

@conference{snyder.et.al.09b,
  title={{Adding more languages improves unsupervised multilingual part-of-speech tagging: A Bayesian non-parametric approach}},
  author={Snyder, B. and Naseem, T. and Eisenstein, J. and Barzilay, R.},
  booktitle={Proc. of NAACL},
  year={2009}
}

@INPROCEEDINGS{spitkovsky.et.al.10,
  author = {Spitkovsky, V.I. and Alshawi, H. and Jurafsky, D.},
  title = {From Baby Steps to Leapfrog: How ``Less is More'' in Unsupervised
	Dependency Parsing},
  booktitle = {Proc. of NAACL-HLT},
  year = {2010},
  date-added = {2010-07-29 23:53:48 -0400},
  date-modified = {2010-07-29 23:54:04 -0400}
}

@INPROCEEDINGS{spitkovsky.10,
  author = {Spitkovsky, V. I. and Alshawi, H. and Jurafsky, D. and
	Manning, C. D.},
  title = {Viterbi Training Improves Unsupervised Dependency Parsing},
  booktitle = {Proc. of CoNLL},
  year = {2010},
  bdsk-url-1 = {pubs/viterbiem.pdf},
  date-added = {2010-07-29 23:32:46 -0400},
  date-modified = {2010-07-29 23:33:02 -0400},
  url = {pubs/viterbiem.pdf}
}

@INPROCEEDINGS{subramanya.etal.10,
  author = {A. Subramanya and S. Petrov and F. Pereira},
  title = {Efficient graph-based semi-supervised learning of structured
	tagging models},
  booktitle = {Proc. of EMNLP},
  year = {2010},
  date-added = {2010-08-29 14:39:59 -0400},
  date-modified = {2010-08-29 18:56:19 -0400}
}

@conference{spitkovsky2010,
  title={{Profiting from mark-up: Hyper-text annotations for guided parsing}},
  author={Spitkovsky, V.I. and Jurafsky, D. and Alshawi, H.},
  booktitle={Proc. of ACL},
  year={2010}
}


@INPROCEEDINGS{swier.stevenson.04,
  author = {Swier, R. S. and Stevenson, S.},
  title = {Unsupervised Semantic Role Labelling},
  booktitle = {Proc. of EMNLP},
  year = {2004},
  date-added = {2010-07-29 23:57:11 -0400},
  date-modified = {2010-07-29 23:57:41 -0400}
}

@OTHER{united-nations,
  author = {UN},
  date-added = {2010-10-23 16:12:18 -0400},
  date-modified = {2010-10-23 16:16:08 -0400},
  title = {{ODS} {UN} Parallel Corpus},
  url = {http://ods.un.org/},
  year = {2006}
}

@inproceedings{wang04,
author = {Wang, W. and Harper, M. P.},
year = 2004,
title = {A Statistical Constraint Dependency Grammar ({CDG}) Parser},
booktitle = {Proc. of the Workshop on Incremental Parsing:
Bringing Engineering and Cognition Together},
}

@INPROCEEDINGS{xi.hwa.05,
  author = {C. Xi and R. Hwa},
  title = {A backoff model for bootstrapping resources for non-{E}nglish languages},
  booktitle = {Proc. of HLT-EMNLP},
  year = {2005},
  date-added = {2010-08-25 23:08:45 -0400},
  date-modified = {2010-08-25 23:09:16 -0400}
}

@INPROCEEDINGS{yarowsky.ngai.01,
  author = {Yarowsky, D. and Ngai, G.},
  title = {Inducing multilingual {POS} taggers and {NP} bracketers via robust projection
	across aligned corpora},
  booktitle = {Proc. of NAACL},
  year = {2001},
  date-added = {2010-08-25 23:17:35 -0400},
  date-modified = {2010-08-25 23:18:02 -0400}
}

@conference{zeman2008,
  title={{Cross-language parser adaptation between related languages}},
  author={Zeman, D. and Resnik, P.},
  booktitle={NLP for Less Privileged Languages},
  year={2008},
}

@inproceedings{zhang08,
  title={{A Tale of Two Parsers: Investigating and Combining Graph-based and Transition-based Dependency Parsing}},
  author={Zhang, Y. and Clark, S.},
  booktitle={Proc. of EMNLP},
  year={2008},
}

@INPROCEEDINGS{zhu.etal.03,
  author = {Zhu, X. and Ghahramani, Z. and Lafferty, J. D.},
  title = {Semi-Supervised Learning Using Gaussian Fields and Harmonic Functions},
  booktitle = {Proc. of ICML},
  year = {2003},
  bdsk-url-1 = {http://dblp.uni-trier.de/rec/bibtex/conf/icml/ZhuGL03},
  citeulike-article-id = {3110269},
  citeulike-linkout-0 = {http://dblp.uni-trier.de/rec/bibtex/conf/icml/ZhuGL03},
  date-added = {2010-08-27 13:26:39 -0400},
  date-modified = {2010-08-27 13:29:45 -0400},
  priority = {2},
  url = {http://dblp.uni-trier.de/rec/bibtex/conf/icml/ZhuGL03}
}

@article{brown.etal.1993,
 author = {Brown, P. F. and Pietra, V. J. Della and Pietra, S. A. Della and Mercer, R. L.},
 title = {The mathematics of statistical machine translation: parameter estimation},
 journal = {Computational Linguistics},
 volume = {19},
 issue = {2},
 year = {1993}}
 
 @inproceedings{vogel.etal.1996,
   	author = {Vogel, S. and Ney, H. and Tillmann, C.},
    booktitle = {Proc. of COLING},
    title = {{{HMM}-based word alignment in statistical translation}},
    year = {1996}
}

@INPROCEEDINGS{altun.etal.05,
    author = {Y. Altun and D. McAllester and M. Belkin},
    title = {Maximum margin semi-supervised learning for structured variables},
    booktitle = {Proc. of NIPS},
    year = {2005}
}

@InProceedings{seginer.07,
  author    = {Seginer, Y.},
  title     = {Fast Unsupervised Incremental Parsing},
  booktitle = {Proc. of ACL},
  year      = {2007},
}

@inproceedings{klein.manning.04,
 author = {Klein, D. and Manning, C. D.},
 title = {Corpus-based induction of syntactic structure: models of dependency and constituency},
 booktitle = {Proc. of ACL},
 year = {2004}
} 

@inproceedings{burkett.10,
 author = {D. Burkett and S. Petrov and J. Blitzer and D. Klein},
 title = {Learning Better Monolingual Models with Unannotated Bilingual Text},
 booktitle = {Proc. of CoNLL},
 year = {2010}
} 

@inproceedings{berg.klein.10,
 author = {Berg-Kirkpatrick, T. and Klein, D.},
 title = {Phylogenetic grammar induction},
 booktitle = {Proc. of ACL},
 year = {2010}
} 

@article{blunsom.10,
  title = "Unsupervised Induction of Tree Substitution Grammars for Dependency Parsing",
  author = "P. Blunsom and T. Cohn",
  year = "2010",
  journal = "Proc. of EMNLP",
}

@INPROCEEDINGS{carroll.charniak92,
    author = {G. Carroll and E. Charniak},
    title = {Two Experiments on Learning Probabilistic Dependency Grammars from Corpora},
    booktitle = {Proc. of the Working Notes of the Workshop Statistically-Based NLP Techniques},
    year = {1992},
}

%%%%%%%%%% Treebanks %%%%%%%%%%%%%

@ARTICLE{marcus.etal.93,
  author = {Marcus, M. P. and Marcinkiewicz, M. A. and Santorini, B.},
  title = {Building a large annotated corpus of {E}nglish: the {P}enn treebank},
  journal = {Computational Linguistics},
  year = {1993},
  volume = {19},
  date-added = {2010-08-26 19:51:35 -0400},
  date-modified = {2010-08-26 19:52:03 -0400}
}

@INCOLLECTION{french.treebank,
  author = {Abeill\'{e}, A. and Cl\'{e}ment, L. and Toussenel, F.},
  title = {Building a {T}reebank for {F}rench},
  crossref =     {Abeille2003},
  chapter = 10
}

@InProceedings{PADT,
  author = 	 {J. Haji\v{c} and O. Smr\v{z} and P. Zem{\'a}nek and J. \v{S}naidauf and E. Be\v{s}ka},
  title = 	 {{Prague} {Arabic} Dependency Treebank: Development in Data and Tools},
  booktitle = 	 {Proc. of {NEMLAR}},
  year = {2004}
}

@InProceedings{Basque,
  author =       {I. Aduriz and M. J. Aranzabe and J. M. Arriola and A. Atutxa and A. Diaz de Ilarraza and A. Garmendia and M. Oronoz},
  title =        {Construction of a {Basque} Dependency Treebank},
  booktitle =    {Proc. of the Workshop on Treebanks and Linguistic Theories},
  year =         2003
}

@Misc{CESS,
  author =       {M. A. Mart{\'{\i}} and M. Taul{\'e} and L. M{\`a}rquez and M. Bertran},
  title =        {{CESS-ECE}: A Multilingual and Multilevel Annotated Corpus},
  howpublished = {Available for download from: http://www.lsi.upc.edu/$\sim$mbertran/cess-ece/},
  year =         2007
}

@InCollection{Sinica,
  author = 	 {K. Chen and C. Luo and M. Chang and F. Chen and C. Chen and C. Huang and Z. Gao},
  title = 	 {{Sinica} Treebank: Design Criteria, Representational Issues and Implementation},
  chapter =      13,
  pages =        {231--248},
  crossref =     {Abeille2003}
}

@InCollection{PDT,
  author = 	 {A. B{\"o}hmov{\'a} and J. Haji\v{c} and E. Haji\v{c}ov{\'a} and B. Hladk{\'a}},
  title = 	 {The {PDT}: a 3-level annotation scenario},
  chapter =      7,
  pages =        {103--127},
  crossref =     {Abeille2003}
}

@InProceedings{GDT,
  author =       {P. Prokopidis and E. Desypri and M. Koutsombogera and H. Papageorgiou and S. Piperidis},
  title =        {Theoretical and Practical Issues in the Construction of a {Greek} Dependency Treebank},
  booktitle =    {Proc. of the Workshop on Treebanks and Linguistic Theories},
  year =         2005
}

@Book{Szeged,
  title =        {The {S}zeged {T}reebank},
  author =       {D. Csendes and J. Csirik and T. Gyim{\'o}thy and A. Kocsor},
  year =         2005,
  publisher =    {Springer}
}

@InCollection{ISST,
  author =       {S. Montemagni and F. Barsotti and M. Battista and N. Calzolari and O. Corazzari and A. Lenci and A. Zampolli and F. Fanciulli and M. Massetani and R. Raffaelli and R. Basili and M. T. Pazienza and D. Saracino and F. Zanzotto and N. Nana and F. Pianesi and R. Delmonte},
  title =        {Building the {I}talian {S}yntactic-{S}emantic {T}reebank},  
  chapter =      11,
  pages =        {189--210},
  crossref =     {Abeille2003}
}

@InCollection{MetuSabanci,
  author = 	 {K. Oflazer and B. Say and D. Zeynep Hakkani-T{\"u}r and G. T{\"u}r},
  title = 	 {Building a {Turkish} Treebank},
  chapter =      15,
  pages =        {261--277},
  crossref =     {Abeille2003}
}

@Inproceedings{BTB,
author = {Simov, K. and Osenova, P. and Kolkovska, S. and Balabanova, E. and Doikoff, D. and Ivanova, K. and Simov, A. and Kouylekov, M},
title = {{Building a Linguistically Interpreted Corpus of Bulgarian: the BulTreeBank}},
booktitle = {Proc. of LREC},
year = {2002}
}

@inproceedings{DDT,
  title={{Danish Dependency Treebank}},
  author={Kromann, M.T. and Mikkelsen, L. and Lynge, S.K.},
  booktitle={Proc. of the Workshop on Treebanks and Linguistic Theories},
  year={2003}
}

@article{Alpino,
  title={{The Alpino dependency treebank}},
  author={Van der Beek, L. and Bouma, G. and Malouf, R. and Van Noord, G.},
  journal={Language and Computers},
  volume={45},
  number={1},
  pages={8--22},
  year={2002},
  publisher={Rodopi}
}

@conference{Tiger,
  title={{The TIGER Treebank}},
  author={Brants, S. and Dipper, S. and Hansen, S. and Lezius, W. and Smith, G.},
  booktitle={Proc. of the Workshop on Treebanks and Linguistic Theories},
  year={2002}
}

@misc{Verbmobil,
  title={{Stylebook for the Japanese treebank in VERBMOBIL}},
  author={Kawata, Y. and Bartels, J.},
  year={2000},
  publisher={Verbmobil-Report}
}

@conference{Floresta,
  title={{Floresta sint{\'a}(c)tica\UTF{201A}\UTF{00C4}\UTF{00F9}: a treebank for Portuguese}},
  author={Afonso, S. and Bick, E. and Haber, R. and Santos, D.},
  booktitle={Proc. of Language Resources and Evaluation (LREC)},
  year={2002},
}

@article{Cast3LB,
  title={{Building cast3lb: A spanish treebank}},
  author={Civit, M. and Mart{\'\i}, M.A.},
  journal={Research on Language \& Computation},
  volume={2},
  number={4},
  pages={549--574},
  year={2004},
  publisher={Springer}
}

@conference{SDT,
  title={{Towards a Slovene dependency treebank}},
  author={D{\v{z}}eroski, S. and Erjavec, T. and Ledinek, N. and Pajas, P. and {\v{Z}}abokrtsky, Z. and {\v{Z}}ele, A.},
  booktitle={Proc. of Language Resources and Evaluation (LREC)},
  year={2006}
}

@techreport{Talbanken,
author = {Nivre, J. and Nilsson, J. and Hall, J.},
year = {2006},
title = {{Talbanken05: A Swedish Treebank with Phrase Structure and Dependency Annotation}},
booktitle = {Proc. of LREC}
}

@conference{Kyoto,
  title={{Kyoto University text corpus project}},
  author={Kurohashi, S. and Nagao, M.},
  booktitle={Proceedings of ANLP},
  year={1997}
}

@inproceedings{SynTagRus,
author = {Boguslavsky, I.M. and Iomdin, L.L. and Chardin, I.S. and Kreidlin, L.G.},
title = {Development of a Dependency Treebank for Russian and its Possible Applications in NLP},
booktitle = {Proc. of te Conference on Language Resources and Evaluation (LREC)},
year = {2002}
}

@Book{Abeille2003,
  title = 	 {Treebanks: Building and Using Parsed Corpora},
  booktitle = 	 {Treebanks: Building and Using Parsed Corpora},
  editor = 	 {A. Abeill{\'e}},
  year =	 2003,
  publisher =    {Kluwer}
}

@inproceedings{bendersky2011joint,
  title={Joint annotation of search queries},
  author={Bendersky, M. and Croft, W.B. and Smith, D.A.},
  booktitle={Proceedings of the 49th Annual Meeting of the Association for Computational Linguistics: Human Language Technologies},
  pages={102--111},
  year={2011},
  organization={Association for Computational Linguistics}
}

@inproceedings{bendersky2010structural,
  title={Structural annotation of search queries using pseudo-relevance feedback},
  author={Bendersky, M. and Croft, W.B. and Smith, D.A.},
  booktitle={Proc. of CIKM},
  year={2010},
}

@InProceedings{rud2011piggyback,
  author    = {R\"{u}d, S.  and  Ciaramita, M.  and  M\"{u}ller, J.  and  Sch\"{u}tze, H.},
  title     = {Piggyback: Using Search Engines for Robust Cross-Domain Named Entity Recognition},
  booktitle = {Proc. of ACL},
  year      = {2011},
  url       = {http://www.aclweb.org/anthology/P11-1097}
}

@inproceedings{li2010understanding,
  title={Understanding the semantic structure of noun phrase queries},
  author={Li, X.},
  booktitle={Proc. of ACL},
  year={2010},
}

@inproceedings{manshadi2009semantic,
  title={Semantic tagging of web search queries},
  author={Manshadi, M. and Li, X.},
  booktitle={Proc. of ACL},
  year={2009},
}

@inproceedings{li2009extracting,
  title={Extracting structured information from user queries with semi-supervised conditional random fields},
  author={Li, X. and Wang, Y.Y. and Acero, A.},
  booktitle={Proc. of SIGIR},
  year={2009},
}

@inproceedings{lafferty2001conditional,
  title={Conditional random fields: Probabilistic models for segmenting and
    labeling sequence data},
  booktitle={Proc. of ICML},
  author={Lafferty, J. and McCallum, A. and Pereira, F.},
  year={2001}
}

@InProceedings{judge2006colacl,
  author    = {Judge, J.  and  Cahill, A.  and  van Genabith, J.},
  title     = {QuestionBank: Creating a Corpus of Parse-Annotated
    Questions},
  booktitle = {Proc. of ACL},
  year      = {2006},
  url       = {http://www.aclweb.org/anthology/P06-1063},
  doi       = {10.3115/1220175.1220238}
}

@InProceedings{barr2008linguistic,
  author    = {Barr, C.  and  Jones, R.  and  Regelson, M.},
  title     = {The Linguistic Structure of {E}nglish Web-Search Queries},
  booktitle = {Proc. of EMNLP},
  year      = {2008},
  url       = {http://www.aclweb.org/anthology/D08-1107}
}


